<?xml version="1.0" encoding="UTF-8"?><collection xmlns="http://www.loc.gov/MARC21/slim"><record><leader>00445nam--2200121-i-4500</leader><controlfield tag="001">000035795</controlfield><controlfield tag="002">20161230</controlfield><controlfield tag="005">20161230201040</controlfield><controlfield tag="008">060222s1000------------r-----000-0-eng-d</controlfield><datafield ind1=" " ind2=" " tag="080"><subfield code="a">539.1(075.8)</subfield></datafield><datafield ind1=" " ind2=" " tag="245"><subfield code="a">Nuclear physics.a course given by enrico fermi at the university of chicago. notes compiled by jay orear, a.h. rosenfeld, and r.a. schlutwr. revised edition</subfield></datafield><datafield ind1=" " ind2=" " tag="260"><subfield code="a">Chicago, The University Of Chicago Press, 1950. Ix+248p</subfield></datafield><datafield ind1=" " ind2=" " tag="852"><subfield code="a">12763</subfield></datafield></record></collection>